@article{24eTALN,
    title = {{24e Conf{\'{e}}rence sur le Traitement Automatique des Langues Naturelles (TALN)}},
    url = {http://taln2017.cnrs.fr/wp-content/uploads/2017/06/actes_RECITAL_2017_2.pdf}
}

@incollection{Domeniconi2016ATf.idf,
    title = {{A Comparison of Term Weighting Schemes for Text Classification and Sentiment Analysis with a Supervised Variant of tf.idf}},
    year = {2016},
    author = {Domeniconi, Giacomo and Moro, Gianluca and Pasolini, Roberto and Sartori, Claudio},
    pages = {39--58},
    publisher = {Springer, Cham},
    url = {http://link.springer.com/10.1007/978-3-319-30162-4_4},
    doi = {10.1007/978-3-319-30162-4{\_}4}
}

@article{Banda2016AResearch,
    title = {{A curated and standardized adverse drug event resource to accelerate drug safety research}},
    year = {2016},
    journal = {Scientific Data},
    author = {Banda, Juan M. and Evans, Lee and Vanguri, Rami S. and Tatonetti, Nicholas P. and Ryan, Patrick B. and Shah, Nigam H.},
    month = {5},
    pages = {160026},
    volume = {3},
    publisher = {Nature Publishing Group},
    url = {http://www.nature.com/articles/sdata201626},
    doi = {10.1038/sdata.2016.26},
    issn = {2052-4463},
    keywords = {Adverse effects, Drug safety, Outcomes research, Translational research}
}

@article{Arnaud2016ADatabases,
    title = {{A Method for the Minimization of Competition Bias in Signal Detection from Spontaneous Reporting Databases}},
    year = {2016},
    journal = {Drug Safety},
    author = {Arnaud, Mickael and Salvo, Francesco and Ahmed, Ismaïl and Robinson, Philip and Moore, Nicholas and B{\'{e}}gaud, Bernard and Tubert-Bitter, Pascale and Pariente, Antoine},
    number = {3},
    month = {3},
    pages = {251--260},
    volume = {39},
    publisher = {Springer International Publishing},
    url = {http://link.springer.com/10.1007/s40264-015-0375-8},
    doi = {10.1007/s40264-015-0375-8},
    issn = {0114-5916}
}

@article{Li2015AReactions,
    title = {{A Method to Combine Signals from Spontaneous Reporting Systems and Observational Healthcare Data to Detect Adverse Drug Reactions}},
    year = {2015},
    journal = {Drug Safety},
    author = {Li, Ying and Ryan, Patrick B. and Wei, Ying and Friedman, Carol},
    number = {10},
    month = {10},
    pages = {895--908},
    volume = {38},
    publisher = {Springer International Publishing},
    url = {http://link.springer.com/10.1007/s40264-015-0314-8},
    doi = {10.1007/s40264-015-0314-8},
    issn = {0114-5916}
}

@article{Song2012AResults,
    title = {{A novel term weighting scheme based on discrimination power obtained from past retrieval results}},
    year = {2012},
    journal = {Information Processing {\&} Management},
    author = {Song, Sa-kwang and Myaeng, Sung Hyon},
    number = {5},
    month = {9},
    pages = {919--930},
    volume = {48},
    publisher = {Pergamon},
    url = {https://www-sciencedirect-com.docelec.u-bordeaux.fr/science/article/pii/S0306457312000477},
    doi = {10.1016/J.IPM.2012.03.004}
}

@article{Salvo2013AFrance,
    title = {{A Potential Event-Competition Bias in Safety Signal Detection: Results from a Spontaneous Reporting Research Database in France}},
    year = {2013},
    journal = {Drug Safety},
    author = {Salvo, Francesco and Leborgne, Florent and Thiessard, Frantz and Moore, Nicholas and B{\'{e}}gaud, Bernard and Pariente, Antoine},
    number = {7},
    month = {7},
    pages = {565--572},
    volume = {36},
    publisher = {Springer International Publishing AG},
    url = {http://link.springer.com/10.1007/s40264-013-0063-5},
    doi = {10.1007/s40264-013-0063-5},
    issn = {0114-5916}
}

@article{Kuhn2010ADrugs.,
    title = {{A side effect resource to capture phenotypic effects of drugs.}},
    year = {2010},
    journal = {Molecular systems biology},
    author = {Kuhn, Michael and Campillos, Monica and Letunic, Ivica and Jensen, Lars Juhl and Bork, Peer},
    number = {1},
    month = {1},
    pages = {343},
    volume = {6},
    publisher = {EMBO Press},
    url = {http://www.ncbi.nlm.nih.gov/pubmed/20087340 http://www.pubmedcentral.nih.gov/articlerender.fcgi?artid=PMC2824526},
    doi = {10.1038/msb.2009.98},
    issn = {1744-4292},
    pmid = {20087340}
}

@article{Domeniconi2015ATf.idf,
    title = {{A Study on Term Weighting for Text Categorization: A Novel Supervised Variant of tf.idf Partial indexing for non-uniform data distributions in relational DBMSs View project W-Grid data centric sensor networks View project A Study on Term Weighting for Text Categorization: a Novel Supervised Variant of tf.idf}},
    year = {2015},
    author = {Domeniconi, Giacomo and Moro, Gianluca and Pasolini, Roberto and Sartori, Claudio},
    url = {https://www.researchgate.net/publication/281743455},
    doi = {10.5220/0005511900260037},
    keywords = {Supervised Term Weighting Scheme, Term Weighting, Text Categorization, Text Representation, Tfidf}
}

@article{Ravoire2017AdvantagesProducts,
    title = {{Advantages and limitations of online communities of patients for research on health products}},
    year = {2017},
    journal = {Th{\'{e}}rapie},
    author = {Ravoire, Sophie and Lang, Marie and Perrin, Elena and Audry, Antoine and Bilbault, Pascal and Chekroun, Michael and Demerville, Lauren and Escudier, Thierry and Gu{\'{e}}roult-Accolas, Laure and Guillot, Caroline and Malbezin, Muriel and Maugendre, Philippe and Micallef, Joëlle and Molimard, Mathieu and Montastruc, François and Pierron, Evelyne and Reichardt, Lionel and Thiessard, Frantz},
    number = {1},
    month = {2},
    pages = {135--143},
    volume = {72},
    publisher = {Elsevier},
    url = {https://www-sciencedirect-com.docelec.u-bordeaux.fr/science/article/pii/S0040595716312793},
    doi = {10.1016/J.THERAP.2016.11.058},
    issn = {0040-5957}
}

@book{Crochemore2001AlgorithmiqueTexte,
    title = {{Algorithmique du texte}},
    year = {2001},
    author = {Crochemore, Maxime and Hancart, Christophe and Lecroq, Thierry},
    publisher = {Vuibert},
    isbn = {2711786285}
}

@article{AlgorithmiqueTexte,
    title = {{Algorithmique du texte}},
    url = {http://igm.univ-mlv.fr/~mac/CHL/CHL-2011.pdf}
}

@book{Crochemore2007AlgorithmsStrings,
    title = {{Algorithms on strings}},
    year = {2007},
    author = {Crochemore, Maxime and Hancart, Christophe and Lecroq, Thierry.},
    pages = {383},
    publisher = {Cambridge University Press},
    isbn = {9780521848992}
}

@book{Gusfield1997AlgorithmsBiology,
    title = {{Algorithms on strings, trees, and sequences : computer science and computational biology}},
    year = {1997},
    author = {Gusfield, Dan.},
    pages = {534},
    publisher = {Cambridge University Press},
    isbn = {9780521585194}
}

@article{Arnaud2017AnStudy,
    title = {{An Automated System Combining Safety Signal Detection and Prioritization from Healthcare Databases: A Pilot Study}},
    year = {2017},
    journal = {Drug Safety},
    author = {Arnaud, Mickael and B{\'{e}}gaud, Bernard and Thiessard, Frantz and Jarrion, Quentin and Bezin, Julien and Pariente, Antoine and Salvo, Francesco},
    month = {11},
    pages = {1--11},
    publisher = {Springer International Publishing},
    url = {http://link.springer.com/10.1007/s40264-017-0618-y},
    doi = {10.1007/s40264-017-0618-y},
    issn = {0114-5916}
}

@misc{AnalyseWikipedia,
    title = {{Analyse lexicale - Wikip{\'{e}}dia}},
    url = {https://fr.wikipedia.org/wiki/Analyse_lexicale}
}

@misc{ANSMMesusage,
    title = {{ANSM liste documents m{\'{e}}susage}},
    url = {http://ansm.sante.fr/searchengine/general_search?SearchText=m%C3%A9susage&ok=Valider}
}

@article{2017AssessingEuropean,
    title = {{Assessing drug causality: It is time to become European!}},
    year = {2017},
    journal = {Pharmacological Research},
    month = {9},
    pages = {158},
    volume = {123},
    publisher = {Academic Press},
    url = {https://www-sciencedirect-com.docelec.u-bordeaux.fr/science/article/pii/S1043661817308290?_rdoc=1&_fmt=high&_origin=gateway&_docanchor=&md5=b8429449ccfc9c30159a5f9aeaa92ffb&ccp=y},
    doi = {10.1016/J.PHRS.2017.07.007},
    issn = {1043-6618}
}

@article{2017AutomatedSignals,
    title = {{Automated algorithm to detect adverse drug reaction signals}},
    year = {2017},
    journal = {Reactions Weekly},
    number = {1},
    month = {12},
    pages = {8--8},
    volume = {1681},
    publisher = {Springer International Publishing},
    url = {http://link.springer.com/10.1007/s40278-017-39284-z},
    doi = {10.1007/s40278-017-39284-z},
    issn = {0114-9954}
}

@article{Baskaran2018AutomatedAnalysis,
    title = {{Automated scraping of structured data records from health discussion forums using semantic analysis}},
    year = {2018},
    journal = {Informatics in Medicine Unlocked},
    author = {Baskaran, Umamageswari and Ramanujam, Kalpana},
    month = {1},
    pages = {149--158},
    volume = {10},
    publisher = {Elsevier},
    url = {https://www-sciencedirect-com.docelec.u-bordeaux.fr/science/article/pii/S2352914817302253},
    doi = {10.1016/J.IMU.2018.01.003},
    issn = {2352-9148}
}

@article{Xu2014AutomaticLiterature,
    title = {{Automatic construction of a large-scale and accurate drug-side-effect association knowledge base from biomedical literature}},
    year = {2014},
    journal = {Journal of Biomedical Informatics},
    author = {Xu, Rong and Wang, QuanQiu},
    month = {10},
    pages = {191--199},
    volume = {51},
    publisher = {Academic Press},
    url = {https://www.sciencedirect.com/science/article/pii/S1532046414001385},
    doi = {10.1016/J.JBI.2014.05.013},
    issn = {1532-0464}
}

@article{Ahmed2009BayesianSetting,
    title = {{Bayesian pharmacovigilance signal detection methods revisited in a multiple comparison setting}},
    year = {2009},
    journal = {Statistics in Medicine},
    author = {Ahmed, Ismaïl and Haramburu, Françoise and Fourrier-R{\'{e}}glat, Annie and Thiessard, Frantz and Kreft-Jais, Carmen and Miremont-Salam{\'{e}}, Ghada and B{\'{e}}gaud, Bernard and Tubert-Bitter, Pascale},
    number = {13},
    month = {6},
    pages = {1774--1792},
    volume = {28},
    publisher = {Wiley-Blackwell},
    url = {http://doi.wiley.com/10.1002/sim.3586},
    doi = {10.1002/sim.3586},
    issn = {02776715},
    keywords = {Bayesian decision, data mining, false discovery rate, multiple comparisons, pharmacovigilance}
}

@incollection{Fischer2015BeyondTheorem,
    title = {{Beyond the Runs Theorem}},
    year = {2015},
    author = {Fischer, Johannes and Holub, Štěpán and I, Tomohiro and Lewenstein, Moshe},
    pages = {277--286},
    url = {http://link.springer.com/10.1007/978-3-319-23826-5_27},
    isbn = {978-3-319-23825-8},
    doi = {10.1007/978-3-319-23826-5{\_}27}
}

@article{Smith2013ClassificationRecommendations.,
    title = {{Classification and definition of misuse, abuse, and related events in clinical trials: ACTTION systematic review and recommendations.}},
    year = {2013},
    journal = {Pain},
    author = {Smith, Shannon M and Dart, Richard C and Katz, Nathaniel P and Paillard, Florence and Adams, Edgar H and Comer, Sandra D and Degroot, Aldemar and Edwards, Robert R and Haddox, J David and Jaffe, Jerome H and Jones, Christopher M and Kleber, Herbert D and Kopecky, Ernest A and Markman, John D and Montoya, Ivan D and O'Brien, Charles and Roland, Carl L and Stanton, Marsha and Strain, Eric C and Vorsanger, Gary and Wasan, Ajay D and Weiss, Roger D and Turk, Dennis C and Dworkin, Robert H and {Analgesic, Anesthetic, and Addiction Clinical Trials, Translations, Innovations, Opportunities, and Networks (ACTTION) public-private partnership}},
    number = {11},
    month = {11},
    pages = {2287--96},
    volume = {154},
    publisher = {NIH Public Access},
    url = {http://www.ncbi.nlm.nih.gov/pubmed/23792283 http://www.pubmedcentral.nih.gov/articlerender.fcgi?artid=PMC5460151},
    doi = {10.1016/j.pain.2013.05.053},
    issn = {1872-6623},
    pmid = {23792283},
    keywords = {Classification, Clinical trials, Prescription drug abuse, Prescription drug misuse, Systematic review}
}

@book{Cicalese2015CombinatorialMatching,
    title = {{Combinatorial Pattern Matching}},
    year = {2015},
    author = {Cicalese, Ferdinando and Porat, Ely and Vaccaro, Ugo},
    editor = {Cicalese, Ferdinando and Porat, Ely and Vaccaro, Ugo},
    series = {Lecture Notes in Computer Science},
    volume = {9133},
    publisher = {Springer International Publishing},
    url = {http://link.springer.com/10.1007/978-3-319-19929-0},
    address = {Cham},
    isbn = {978-3-319-19928-3},
    doi = {10.1007/978-3-319-19929-0}
}

@book{CicaleseCombinatorialProceedings,
    title = {{Combinatorial pattern matching : 26th Annual Symposium, CPM 2015, Ischia Island, Italy, June 29-July 1, 2015, Proceedings}},
    author = {Cicalese, Ferdinando and Porat, Ely and Vaccaro, Ugo},
    pages = {412},
    isbn = {9783319199290}
}

@article{MeilComparingView,
    title = {{Comparing Clusterings – An Axiomatic View}},
    author = {Meil˘, Marina},
    url = {https://www.stat.washington.edu/mmp/Papers/icml05-compare-axioms.pdf}
}

@article{Candore2015ComparisonDatabases,
    title = {{Comparison of Statistical Signal Detection Methods Within and Across Spontaneous Reporting Databases}},
    year = {2015},
    journal = {Drug Safety},
    author = {Candore, Gianmario and Juhlin, Kristina and Manlik, Katrin and Thakrar, Bharat and Quarcoo, Naashika and Seabroke, Suzie and Wisniewski, Antoni and Slattery, Jim},
    number = {6},
    month = {6},
    pages = {577--587},
    volume = {38},
    publisher = {Springer International Publishing},
    url = {http://link.springer.com/10.1007/s40264-015-0289-5},
    doi = {10.1007/s40264-015-0289-5},
    issn = {0114-5916}
}

@article{Tubert-Bitter2012ComparisonFramework,
    title = {{Comparison of two drug safety signals in a pharmacovigilance data mining framework}},
    year = {2012},
    journal = {Statistical Methods in Medical Research},
    author = {Tubert-Bitter, Pascale and B{\'{e}}gaud, Bernard and Ahmed, Ismaïl},
    isbn = {1477-0334 (Electronic)0962-2802 (Linking)},
    doi = {10.1177/0962280212462295},
    issn = {14770334},
    pmid = {23070598},
    keywords = {Bayesian decision theory, Gamma Poisson Shrinker model, Pharmacovigilance, Proportional Reporting Ratio, adverse drug reactions, beta distribution, data mining, gamma mixture, ratio distribution, signal}
}

@article{Le2011CompteGT272014024,
    title = {{Compte rendu de s{\'{e}}ance Groupe de travail Etudes Epid{\'{e}}miologiques des Produits de Sant{\'{e}} GT272014024}},
    year = {2011},
    author = {Le, O U S and Du, Parrainage and Pariente, Antoine},
    number = {0},
    pages = {1--12},
    volume = {33},
    url = {http://ansm.sante.fr/var/ansm_site/storage/original/application/93fecc4efee6f79eb4455f2961b28441.pdf},
    keywords = {GT272014013 - Etudes epidemiologiques}
}

@article{Koutkias2015ComputationalFrameworks,
    title = {{Computational Approaches for Pharmacovigilance Signal Detection: Toward Integrated and Semantically-Enriched Frameworks}},
    year = {2015},
    journal = {Drug Safety},
    author = {Koutkias, Vassilis G. and Jaulent, Marie-Christine},
    number = {3},
    month = {3},
    pages = {219--232},
    volume = {38},
    publisher = {Springer International Publishing},
    url = {http://link.springer.com/10.1007/s40264-015-0278-8},
    doi = {10.1007/s40264-015-0278-8},
    issn = {0114-5916}
}

@book{Associationpourlecorpusdesoeuvresdephilosophieenlanguefrancaise.2003CorpusPhilosophie,
    title = {{Corpus : revue de philosophie}},
    year = {2003},
    booktitle = {http://journals.openedition.org/corpus},
    author = {Association pour le corpus des oeuvres de philosophie en langue française., Jean-Pierre and Luong, Xuan and Mellet, Sylvie},
    number = {2},
    month = {12},
    publisher = {UMR},
    url = {https://journals.openedition.org/corpus/25?lang=en},
    issn = {1765-3126}
}

@article{Bagheri2016Cyberpharmacovigilance:Pharmacovigilance,
    title = {{Cyberpharmacovigilance : les r{\'{e}}seaux sociaux sont-ils utiles en pharmacovigilance ?}},
    year = {2016},
    journal = {Th{\'{e}}rapie},
    author = {Bagheri, Haleh and Lacroix, Isabelle and Guitton, Emmanuelle and Damase-Michel, Christine and Montastruc, Jean-Louis},
    number = {2},
    month = {4},
    pages = {229--233},
    volume = {71},
    publisher = {Elsevier},
    url = {https://www.sciencedirect.com/science/article/pii/S0040595716000202},
    doi = {10.1016/J.THERAP.2015.09.001},
    issn = {0040-5957}
}

@article{Ryan2013DefiningSafety,
    title = {{Defining a Reference Set to Support Methodological Research in Drug Safety}},
    year = {2013},
    journal = {Drug Safety},
    author = {Ryan, Patrick B. and Schuemie, Martijn J. and Welebob, Emily and Duke, Jon and Valentine, Sarah and Hartzema, Abraham G.},
    number = {S1},
    month = {10},
    pages = {33--47},
    volume = {36},
    publisher = {Springer International Publishing},
    url = {http://link.springer.com/10.1007/s40264-013-0097-8},
    doi = {10.1007/s40264-013-0097-8},
    issn = {0114-5916}
}

@article{Cochran2015DefiningReview.,
    title = {{Defining Nonmedical Use of Prescription Opioids Within Health Care Claims: A Systematic Review.}},
    year = {2015},
    journal = {Substance abuse},
    author = {Cochran, Gerald and Woo, Bongki and Lo-Ciganic, Wei-Hsuan and Gordon, Adam J and Donohue, Julie M and Gellad, Walid F},
    number = {2},
    pages = {192--202},
    volume = {36},
    publisher = {NIH Public Access},
    url = {http://www.ncbi.nlm.nih.gov/pubmed/25671499 http://www.pubmedcentral.nih.gov/articlerender.fcgi?artid=PMC4736503},
    doi = {10.1080/08897077.2014.993491},
    issn = {1547-0164},
    pmid = {25671499},
    keywords = {Non-medical use of prescription opioids, health insurance, systematic review}
}

@article{2018DetectionSUSARs,
    title = {{Detection of drug safety signals from clinical trials data: Role of SUSARs}},
    year = {2018},
    journal = {Pharmacological Research},
    month = {2},
    publisher = {Academic Press},
    url = {https://www-sciencedirect-com.docelec.u-bordeaux.fr/science/article/pii/S1043661817316316},
    doi = {10.1016/J.PHRS.2018.02.010},
    issn = {1043-6618}
}

@article{Cochran2016DevelopingPharmacy.,
    title = {{Developing a framework of care for opioid medication misuse in community pharmacy.}},
    year = {2016},
    journal = {Research in social {\&} administrative pharmacy : RSAP},
    author = {Cochran, Gerald and Gordon, Adam J and Field, Craig and Bacci, Jennifer and Dhital, Ranjita and Ylioja, Thomas and Stitzer, Maxine and Kelly, Thomas and Tarter, Ralph},
    number = {2},
    pages = {293--301},
    volume = {12},
    publisher = {NIH Public Access},
    url = {http://www.ncbi.nlm.nih.gov/pubmed/26048710 http://www.pubmedcentral.nih.gov/articlerender.fcgi?artid=PMC4726478},
    doi = {10.1016/j.sapharm.2015.05.001},
    issn = {1934-8150},
    pmid = {26048710},
    keywords = {Adherence, Medication management, Opioid misuse, Qualitative research}
}

@article{Ahmed2012EarlyStudy,
    title = {{Early Detection of Pharmacovigilance Signals with Automated Methods Based on False Discovery Rates A Comparative Study}},
    year = {2012},
    journal = {Drug Saf},
    author = {Ahmed, Ismal and Thiessard, Frantz and Miremont-Salam{\'{e}}, Ghada and Haramburu, Franc¸oise and Kreft-Jais, Carmen and B{\'{e}}gaud, Bernard and Tubert-Bitter, Pascale},
    number = {6},
    pages = {495--506},
    volume = {35},
    url = {https://link.springer.com/content/pdf/10.2165%2F11597180-000000000-00000.pdf}
}

@article{Pariente2009EffectPharmacovigilance,
    title = {{Effect of Date of Drug Marketing on Disproportionality Measures in Pharmacovigilance}},
    year = {2009},
    journal = {Drug Safety},
    author = {Pariente, Antoine and Daveluy, Amélie and Laribi{\`{e}}re-B{\'{e}}nard, Anne and Miremont-Salame, Ghada and Begaud, Bernard and Moore, Nicholas},
    number = {5},
    pages = {441--447},
    volume = {32},
    publisher = {Springer International Publishing},
    url = {http://link.springer.com/10.2165/00002018-200932050-00007},
    doi = {10.2165/00002018-200932050-00007},
    issn = {0114-5916}
}

@misc{EquipeERIAS,
    title = {{Equipe de recherche en informatique appliqu{\'{e}}e {\`{a}} la sant{\'{e}} – ERIAS}},
    url = {https://www.bordeaux-population-health.center/les-equipes/equipe-de-recherche-en-informatique-appliquee-a-la-sante-erias/}
}

@misc{ESMAJ,
    title = {{ESMAJ}},
    url = {http://www-igm.univ-mlv.fr/~lecroq/string/index.html}
}

@article{2011ExperimentsMining,
    title = {{Experiments in term weighting for novelty mining}},
    year = {2011},
    journal = {Expert Systems with Applications},
    number = {11},
    month = {10},
    pages = {14094--14101},
    volume = {38},
    publisher = {Pergamon},
    url = {https://www-sciencedirect-com.docelec.u-bordeaux.fr/science/article/pii/S0957417411007457},
    doi = {10.1016/J.ESWA.2011.04.218},
    issn = {0957-4174}
}

@article{Yang2015FilteringReactions,
    title = {{Filtering big data from social media – Building an early warning system for adverse drug reactions}},
    year = {2015},
    journal = {Journal of Biomedical Informatics},
    author = {Yang, Ming and Kiang, Melody and Shang, Wei},
    month = {4},
    pages = {230--240},
    volume = {54},
    publisher = {Academic Press},
    url = {https://www.sciencedirect.com/science/article/pii/S1532046415000131?via%3Dihub},
    doi = {10.1016/J.JBI.2015.01.011},
    issn = {1532-0464}
}

@article{FindingForums,
    title = {{Finding Question-Answer Pairs from Online Forums}},
    url = {http://184pc128.csie.ntnu.edu.tw/presentation/09-02-09/Finding%20Question-Answer%20Pairs%20from%20Online%20Forums.pdf},
    keywords = {Algorithms, Categories and Subject Descriptors, Experimentation Keywords, H33 [Information Search and Retrieval], I27 [Artificial Intelligence], Natural Language Processing General Terms, Retrieval models, classification, graph based ranking, information extraction, labeled se-quential patterns, question answering}
}

@article{Full-text,
    title = {{full-text}}
}

@article{Full-textb,
    title = {{full-text}}
}

@article{Full-textc,
    title = {{full-text}}
}

@techreport{GestionFormation,
    title = {{Gestion des cursus {\'{e}}tudiants LMD Sant{\'{e}} Lieu de la formation}},
    url = {www.isped.u-bordeaux.fr}
}

@article{Wisniewski2016GoodPROTECT,
    title = {{Good Signal Detection Practices: Evidence from IMI PROTECT}},
    year = {2016},
    journal = {Drug Safety},
    author = {Wisniewski, Antoni F. Z. and Bate, Andrew and Bousquet, Cedric and Brueckner, Andreas and Candore, Gianmario and Juhlin, Kristina and Macia-Martinez, Miguel A. and Manlik, Katrin and Quarcoo, Naashika and Seabroke, Suzie and Slattery, Jim and Southworth, Harry and Thakrar, Bharat and Tregunno, Phil and Van Holle, Lionel and Kayser, Michael and Nor{\'{e}}n, G. Niklas},
    number = {6},
    month = {6},
    pages = {469--490},
    volume = {39},
    publisher = {Springer International Publishing},
    url = {http://link.springer.com/10.1007/s40264-016-0405-1},
    doi = {10.1007/s40264-016-0405-1},
    issn = {0114-5916}
}

@article{HammingDistance,
    title = {{Hamming distance Levenshtein Distance}},
    url = {http://www.coli.uni-saarland.de/courses/LT1/2011/slides/stringmetrics.pdf}
}

@article{HammingDistanceb,
    title = {{Hamming distance Levenshtein Distance}},
    url = {http://www.coli.uni-saarland.de/courses/LT1/2011/slides/stringmetrics.pdf}
}

@article{Caster2014ImprovedVigiRank,
    title = {{Improved Statistical Signal Detection in Pharmacovigilance by Combining Multiple Strength-of-Evidence Aspects in vigiRank}},
    year = {2014},
    journal = {Drug Safety},
    author = {Caster, Ola and Juhlin, Kristina and Watson, Sarah and Nor{\'{e}}n, G. Niklas},
    number = {8},
    month = {8},
    pages = {617--628},
    volume = {37},
    publisher = {Springer International Publishing},
    url = {http://link.springer.com/10.1007/s40264-014-0204-5},
    doi = {10.1007/s40264-014-0204-5},
    issn = {0114-5916}
}

@article{Navarro2001IndexingMatching,
    title = {{Indexing Methods for Approximate String Matching}},
    year = {2001},
    journal = {IEEE Data Engineering Bulletin},
    author = {Navarro, Gonzalo and Baeza-Yates, Ricardo and Sutinen, E. and Tarhio, J.},
    number = {4},
    pages = {19--27},
    volume = {24},
    url = {https://fr.wikipedia.org/wiki/Recherche_approximative}
}

@article{Layton2014IndicatorsManagement.,
    title = {{Indicators of drug-seeking aberrant behaviours: the feasibility of use in observational post-marketing cohort studies for risk management.}},
    year = {2014},
    journal = {Drug safety},
    author = {Layton, Deborah and Osborne, Vicki and Al-Shukri, Mohammad and Shakir, Saad A W},
    number = {8},
    month = {8},
    pages = {639--50},
    volume = {37},
    publisher = {Springer},
    url = {http://www.ncbi.nlm.nih.gov/pubmed/24969120 http://www.pubmedcentral.nih.gov/articlerender.fcgi?artid=PMC4134477},
    doi = {10.1007/s40264-014-0193-4},
    issn = {1179-1942},
    pmid = {24969120}
}

@article{Smith2015InstrumentsReview,
    title = {{Instruments to Identify Prescription Medication Misuse, Abuse, and Related Events in Clinical Trials: An ACTTION Systematic Review}},
    year = {2015},
    journal = {The Journal of Pain},
    author = {Smith, Shannon M. and Paillard, Florence and McKeown, Andrew and Burke, Laurie B. and Edwards, Robert R. and Katz, Nathaniel P. and Papadopoulos, Elektra J. and Rappaport, Bob A. and Slagle, Ashley and Strain, Eric C. and Wasan, Ajay D. and Turk, Dennis C. and Dworkin, Robert H.},
    number = {5},
    month = {5},
    pages = {389--411},
    volume = {16},
    url = {http://www.ncbi.nlm.nih.gov/pubmed/25660826 http://www.pubmedcentral.nih.gov/articlerender.fcgi?artid=PMC5460153 http://linkinghub.elsevier.com/retrieve/pii/S1526590015000474},
    doi = {10.1016/j.jpain.2015.01.009},
    issn = {15265900},
    pmid = {25660826},
    keywords = {Abuse potential, clinical trial, measurement properties, misuse}
}

@article{Ravoire2017InteretsN,
    title = {{Int{\'{e}}r{\^{e}}ts et limites des communaut{\'{e}}s virtuelles de patients pour la recherche sur les produits de sant{\'{e}} les participants {\`{a}} la table ronde n}},
    year = {2017},
    journal = {Therapie},
    author = {Ravoire, Sophie and Lang, Marie and Perrin, Elena and De Giens Xxxii, O 6 and Audry, Antoine and Bilbault, Pascal and Chekroun, Michael and Demerville, Lauren and Escudier, Thierry and Gu{\'{e}}roult-Accolas, Laure and Guillot, Caroline and Malbezin, Muriel and Maugendre, Philippe and Micallef, Joëlle and Molimard, Mathieu and Montastruc, François and Pierron, Evelyne and Reichardt, Lionel and Thiessard, Frantz},
    pages = {125--134},
    volume = {72},
    url = {http://dx.doi.org/10.1016/j.therap.2016.11.055},
    doi = {10.1016/j.therap.2016.11.055},
    keywords = {Addictovigilance, Communaut{\'{e}}s Web, Communaut{\'{e}}s virtuelles, Donn{\'{e}}es sur Internet, France, Patients, Pharmaco-{\'{e}}pid{\'{e}}miologie, Pharmacovigilance, Post-inscription, Recherche sur les produits de sant{\'{e}}, R{\'{e}}seaux sociaux}
}

@article{Kheloufi2017InvestigatingStatins,
    title = {{Investigating patient narratives posted on Internet and their informativeness level for pharmacovigilance purpose: The example of comments about statins}},
    year = {2017},
    journal = {Th{\'{e}}rapie},
    author = {Kheloufi, Farid and Default, Anne and Blin, Olivier and Micallef, Joelle},
    number = {4},
    month = {9},
    pages = {483--490},
    volume = {72},
    publisher = {Elsevier},
    url = {https://www-sciencedirect-com.docelec.u-bordeaux.fr/science/article/pii/S0040595716312677},
    doi = {10.1016/J.THERAP.2016.10.004},
    issn = {0040-5957}
}

@book{Crochemore2002JewelsStringology,
    title = {{Jewels of stringology}},
    year = {2002},
    author = {Crochemore, Maxime and Rytter, Wojciech.},
    pages = {310},
    publisher = {World Scientific},
    isbn = {9789810247829}
}

@article{Thiao-LayelK-Ware:Alignements,
    title = {{K-Ware: vers une gestion conjointe de ressources s{\'{e}}mantiques et leurs alignements}},
    author = {Thiao-Layel, Bruno and Jouhet, Vianney and Diallo, Gayo},
    url = {https://hal.archives-ouvertes.fr/hal-01452724/document}
}

@article{2015LaMedicament,
    title = {{La lutte contre le m{\'{e}}susage du m{\'{e}}dicament}},
    year = {2015},
    url = {http://www.ordre.pharmacien.fr/content/download/218947/1249970/version/4/file/Cahier+th%C3%A9matique+7+-+La+lutte+contre+le+m%C3%A9susage+du+m%C3%A9dicament.pdf}
}

@article{GenkinLargeCategorization,
    title = {{Large - Scale Bayesian Logistic Regression for Text Categorization}},
    author = {Genkin, Alexander and Lewis, David D and Consulting, David D Lewis and Madigan, David},
    url = {https://www.researchgate.net/profile/Alexander_Genkin/publication/228354422_Large-Scale_Bayesian_Logistic_Regression_for_Text_Categorization/links/0fcfd506e4b5f0668f000000/Large-Scale-Bayesian-Logistic-Regression-for-Text-Categorization.pdf},
    doi = {10.1198/004017007000000245},
    keywords = {Information retrieval, Lasso, Penalization, Ridge regression, Support vector classifier, Variable selection}
}

@article{Xu2014Large-scaleDetection,
    title = {{Large-scale combining signals from both biomedical literature and the FDA Adverse Event Reporting System (FAERS) to improve post-marketing drug safety signal detection}},
    year = {2014},
    journal = {BMC Bioinformatics},
    author = {Xu, Rong and Wang, QuanQiu},
    number = {1},
    month = {1},
    pages = {17},
    volume = {15},
    publisher = {BioMed Central},
    url = {http://bmcbioinformatics.biomedcentral.com/articles/10.1186/1471-2105-15-17},
    doi = {10.1186/1471-2105-15-17},
    issn = {1471-2105},
    keywords = {Algorithms, Bioinformatics, Combinatorial Libraries, Computational Biology/Bioinformatics, Computer Appl. in Life Sciences, Microarrays}
}

@article{Caster2010Large-scaleDatabase,
    title = {{Large-scale regression-based pattern discovery: The example of screening the WHO global drug safety database}},
    year = {2010},
    journal = {Statistical Analysis and Data Mining},
    author = {Caster, Ola and Nor{\'{e}}n, G. Niklas and Madigan, David and Bate, Andrew},
    number = {4},
    month = {6},
    pages = {n/a-n/a},
    volume = {3},
    publisher = {Wiley-Blackwell},
    url = {http://doi.wiley.com/10.1002/sam.10078},
    doi = {10.1002/sam.10078},
    issn = {19321864},
    keywords = {adverse drug reaction surveillance, confounding, direct and indirect associations, drug safety, lasso, masking, pharmacovigilance, shrinkage regression}
}

@misc{LutteSante,
    title = {{Lutte contre le m{\'{e}}susage et le d{\'{e}}tournement de certains m{\'{e}}dicaments - ANSM : Agence nationale de s{\'{e}}curit{\'{e}} du m{\'{e}}dicament et des produits de sant{\'{e}}}},
    url = {http://ansm.sante.fr/S-informer/Communiques-Communiques-Points-presse/Lutte-contre-le-mesusage-et-le-detournement-de-certains-medicaments}
}

@misc{MAPPINGHub,
    title = {{MAPPING : l'{\'{e}}cosyst{\`{e}}me fran{\c{c}}ais des startups de l'e-sant{\'{e}} - Bpifrance Le HubBpifrance Le Hub}},
    url = {http://www.bpifrance-lehub.fr/mapping-lecosysteme-francais-des-startups-de-le-sante/}
}

@article{Smith2017MeasuresConsiderations,
    title = {{Measures That Identify Prescription Medication Misuse, Abuse, and Related Events in Clinical Trials: ACTTION Critique and Recommended Considerations}},
    year = {2017},
    journal = {The Journal of Pain},
    author = {Smith, Shannon M. and Jones, Judith K. and Katz, Nathaniel P. and Roland, Carl L. and Setnik, Beatrice and Trudeau, Jeremiah J. and Wright, Stephen and Burke, Laurie B. and Comer, Sandra D. and Dart, Richard C. and Dionne, Raymond and Haddox, J. David and Jaffe, Jerome H. and Kopecky, Ernest A. and Martell, Bridget A. and Montoya, Ivan D. and Stanton, Marsha and Wasan, Ajay D. and Turk, Dennis C. and Dworkin, Robert H.},
    number = {11},
    month = {11},
    pages = {1287--1294},
    volume = {18},
    url = {http://www.ncbi.nlm.nih.gov/pubmed/28479207 http://www.pubmedcentral.nih.gov/articlerender.fcgi?artid=PMC5660635 http://linkinghub.elsevier.com/retrieve/pii/S1526590017305692},
    doi = {10.1016/j.jpain.2017.03.015},
    issn = {15265900},
    pmid = {28479207},
    keywords = {Medication abuse, abuse potential, medication misuse}
}

@misc{MemoiresMultilinguisme,
    title = {{M{\'{e}}moires 2014-2015 | Textes, Informatique, Multilinguisme}},
    url = {http://www.er-tim.fr/en/node/1528}
}

@article{Arnaud2017MethodsReview,
    title = {{Methods for safety signal detection in healthcare databases: a literature review}},
    year = {2017},
    journal = {Expert Opinion on Drug Safety},
    author = {Arnaud, Mickael and B{\'{e}}gaud, Bernard and Thurin, Nicolas and Moore, Nicholas and Pariente, Antoine and Salvo, Francesco},
    number = {6},
    month = {6},
    pages = {721--732},
    volume = {16},
    publisher = {Taylor {\&} Francis},
    url = {https://www.tandfonline.com/doi/full/10.1080/14740338.2017.1325463},
    doi = {10.1080/14740338.2017.1325463},
    issn = {1474-0338},
    keywords = {Drug safety, data mining, pharmacoepidemiology, pharmacovigilance, signal detection}
}

@article{Arnaud2017MethodsReviewb,
    title = {{Methods for safety signal detection in healthcare databases: a literature review}},
    year = {2017},
    journal = {Expert Opinion on Drug Safety},
    author = {Arnaud, Mickael and B{\'{e}}gaud, Bernard and Thurin, Nicolas and Moore, Nicholas and Pariente, Antoine and Salvo, Francesco},
    number = {6},
    month = {6},
    pages = {721--732},
    volume = {16},
    publisher = {Taylor {\&} Francis},
    url = {https://www.tandfonline.com/doi/full/10.1080/14740338.2017.1325463},
    doi = {10.1080/14740338.2017.1325463},
    issn = {1474-0338},
    keywords = {Drug safety, data mining, pharmacoepidemiology, pharmacovigilance, signal detection}
}

@article{Khoury2015Mindfulness-BasedMeta-analysis,
    title = {{Mindfulness-Based Stress Reduction for Healthy Individuals: A Meta- Analysis 1. Poverty Alleviation research through nutrition 2. Intervention research on the cognition and behavior of public food safety from the social media 3. Innovative science activities based on the rapid assessment of nutrition View project Theorotical Papers View project Mindfulness-based stress reduction for healthy individuals: A meta-analysis}},
    year = {2015},
    journal = {Article in Journal of Psychosomatic Research},
    author = {Khoury, Bassam and Sharma, Manoj and Rush, Sarah E and Fournier, Claude},
    url = {https://www.researchgate.net/publication/273951735},
    doi = {10.1016/j.jpsychores.2015.03.009},
    keywords = {Compassion MBSR, Meta-analysis, Mindfulness, Mindfulness-based stress reduction, Non-clinical}
}

@article{2015Mindfulness-basedMeta-analysis,
    title = {{Mindfulness-based stress reduction for healthy individuals: A meta-analysis}},
    year = {2015},
    journal = {Journal of Psychosomatic Research},
    number = {6},
    month = {6},
    pages = {519--528},
    volume = {78},
    publisher = {Elsevier},
    url = {https://www-sciencedirect-com.docelec.u-bordeaux.fr/science/article/pii/S002239991500080X},
    doi = {10.1016/J.JPSYCHORES.2015.03.009},
    issn = {0022-3999}
}

@article{Verweij2018Mindfulness-BasedTrial.,
    title = {{Mindfulness-Based Stress Reduction for Residents: A Randomized Controlled Trial.}},
    year = {2018},
    journal = {Journal of general internal medicine},
    author = {Verweij, Hanne and van Ravesteijn, Hiske and van Hooff, Madelon L M and Lagro-Janssen, Antoine L M and Speckens, Anne E M},
    number = {4},
    month = {4},
    pages = {429--436},
    volume = {33},
    publisher = {Springer},
    url = {http://www.ncbi.nlm.nih.gov/pubmed/29256091 http://www.pubmedcentral.nih.gov/articlerender.fcgi?artid=PMC5880763},
    doi = {10.1007/s11606-017-4249-x},
    issn = {1525-1497},
    pmid = {29256091},
    keywords = {burnout, emotional exhaustion, mindfulness, randomized controlled trial, residents}
}

@article{Iyer2014MiningInteractions,
    title = {{Mining clinical text for signals of adverse drug-drug interactions}},
    year = {2014},
    journal = {Journal of the American Medical Informatics Association},
    author = {Iyer, Srinivasan V. and Harpaz, Rave and LePendu, Paea and Bauer-Mehren, Anna and Shah, Nigam H.},
    number = {2},
    volume = {21},
    isbn = {1527-974X (Electronic)},
    doi = {10.1136/amiajnl-2013-001612},
    issn = {10675027},
    pmid = {24158091}
}

@article{Dart2009MonitoringDetection,
    title = {{Monitoring risk: Post marketing surveillance and signal detection}},
    year = {2009},
    journal = {Drug and Alcohol Dependence},
    author = {Dart, Richard C.},
    month = {12},
    pages = {S26-S32},
    volume = {105},
    publisher = {Elsevier},
    url = {https://www-sciencedirect-com.docelec.u-bordeaux.fr/science/article/pii/S0376871609003305},
    doi = {10.1016/J.DRUGALCDEP.2009.08.011},
    issn = {0376-8716}
}

@article{AbdelFattah2015NewAnalysis,
    title = {{New term weighting schemes with combination of multiple classifiers for sentiment analysis}},
    year = {2015},
    journal = {Neurocomputing},
    author = {Abdel Fattah, Mohamed},
    month = {11},
    pages = {434--442},
    volume = {167},
    publisher = {Elsevier},
    url = {https://www-sciencedirect-com.docelec.u-bordeaux.fr/science/article/pii/S0925231215005202},
    doi = {10.1016/J.NEUCOM.2015.04.051},
    issn = {0925-2312}
}

@article{NoTitle,
    title = {{No Title}},
    url = {https://fr.wikipedia.org/wiki/Mesure_de_similarité}
}

@article{Harpaz2012NovelAnalysis,
    title = {{Novel Data-Mining Methodologies for Adverse Drug Event Discovery and Analysis}},
    year = {2012},
    journal = {Clinical Pharmacology {\&} Therapeutics},
    author = {Harpaz, R and DuMouchel, W and Shah, N H and Madigan, D and Ryan, P and Friedman, C},
    number = {6},
    month = {6},
    pages = {1010--1021},
    volume = {91},
    publisher = {Wiley-Blackwell},
    url = {http://doi.wiley.com/10.1038/clpt.2012.50},
    doi = {10.1038/clpt.2012.50},
    issn = {0009-9236}
}

@article{Almenoff2007NovelDrugs,
    title = {{Novel Statistical Tools for Monitoring the Safety of Marketed Drugs}},
    year = {2007},
    journal = {Clinical Pharmacology {\&} Therapeutics},
    author = {Almenoff, J S and Pattishall, E N and Gibbs, T G and DuMouchel, W and Evans, S J W and Yuen, N},
    number = {2},
    month = {8},
    pages = {157--166},
    volume = {82},
    publisher = {Wiley-Blackwell},
    url = {http://doi.wiley.com/10.1038/sj.clpt.6100258},
    doi = {10.1038/sj.clpt.6100258},
    issn = {0009-9236}
}

@article{2016OntoADRRetrieval,
    title = {{OntoADR a semantic resource describing adverse drug reactions to support searching, coding, and information retrieval}},
    year = {2016},
    journal = {Journal of Biomedical Informatics},
    month = {10},
    pages = {100--107},
    volume = {63},
    publisher = {Academic Press},
    url = {https://www-sciencedirect-com.docelec.u-bordeaux.fr/science/article/pii/S1532046416300533},
    doi = {10.1016/J.JBI.2016.06.010},
    issn = {1532-0464}
}

@article{PharmacodependancesDrogues,
    title = {{Pharmacod{\'{e}}pendances et m{\'{e}}susages chez les usagers de drogues}},
    url = {http://www.ipubli.inserm.fr/bitstream/handle/10608/2072/?sequence=24}
}

@article{Faillie2016PharmacoepidemiologyPharmacovigilance,
    title = {{Pharmacoepidemiology and its input to pharmacovigilance}},
    year = {2016},
    journal = {Th{\'{e}}rapie},
    author = {Faillie, Jean-Luc and Montastruc, François and Montastruc, Jean-Louis and Pariente, Antoine},
    number = {2},
    month = {4},
    pages = {211--216},
    volume = {71},
    publisher = {Elsevier},
    url = {https://www-sciencedirect-com.docelec.u-bordeaux.fr/science/article/pii/S0040595716000354},
    doi = {10.1016/J.THERAP.2016.02.016},
    issn = {0040-5957}
}

@article{Lagrafeuil2017PolykystosePublique,
    title = {{Polykystose r{\'{e}}nale : analyse des discussions des e-patients sur la blogosph{\`{e}}re publique}},
    year = {2017},
    journal = {N{\'{e}}phrologie {\&} Th{\'{e}}rapeutique},
    author = {Lagrafeuil, Corinne and Hueber, Mélanie and Magnien, Xavier and Baroghel, Thierry and Lecardeur, Laurent and Marquet, Thierry},
    number = {4},
    month = {6},
    pages = {220--227},
    volume = {13},
    publisher = {Elsevier Masson},
    url = {https://www-sciencedirect-com.docelec.u-bordeaux.fr/science/article/pii/S1769725517301104},
    doi = {10.1016/J.NEPHRO.2016.10.006},
    issn = {1769-7255}
}

@article{Chee2011PredictingMessages.,
    title = {{Predicting adverse drug events from personal health messages.}},
    year = {2011},
    journal = {AMIA ... Annual Symposium proceedings. AMIA Symposium},
    author = {Chee, Brant W and Berlin, Richard and Schatz, Bruce},
    pages = {217--26},
    volume = {2011},
    publisher = {American Medical Informatics Association},
    url = {http://www.ncbi.nlm.nih.gov/pubmed/22195073 http://www.pubmedcentral.nih.gov/articlerender.fcgi?artid=PMC3243174},
    issn = {1942-597X},
    pmid = {22195073}
}

@article{NielsenPrescriptionFoe,
    title = {{Prescription drug misuse: Is technology friend or foe?}},
    author = {Nielsen, Suzanne and Barratt, Monica Jane},
    url = {https://s3.amazonaws.com/academia.edu.documents/1861797/Nielsen_2009_Prescription_drug_misuse.pdf?AWSAccessKeyId=AKIAIWOWYYGZ2Y53UL3A&Expires=1520530869&Signature=RvtUlEpIaHOHyiOmZ%2FF2kX8k8ig%3D&response-content-disposition=inline%3B%20filename%3DPrescription_Drug_Misuse_Is_Technology_F.pdf},
    doi = {10.1111/j.1465-3362.2008.00004.x},
    keywords = {Internet, drug trend monitoring, electronic prescription monitoring, online discussion groups, online pharmacies, prescription drug misuse}
}

@phdthesis{ProjetThese,
    title = {{Projet de th{\`{e}}se}},
    url = {https://webcache.googleusercontent.com/search?q=cache:dGtonJKWThEJ:https://clarolineconnect.univ-lyon1.fr/resource/download%3Fids%5B%5D%3D282178+&cd=5&hl=fr&ct=clnk&gl=fr},
    school = {Paris}
}

@misc{Quick-R:Analysis,
    title = {{Quick-R: Cluster Analysis}},
    url = {https://www.statmethods.net/advstats/cluster.html}
}

@article{RClusterings,
    title = {{R mclustcomp - Measures For Comparing Clusterings}},
    url = {https://www.rdocumentation.org/packages/mclustcomp/versions/0.2.0/topics/mclustcomp}
}

@article{RAPPORTSYNTHESE,
    title = {{RAPPORT DE SYNTHESE}},
    url = {http://solidarites-sante.gouv.fr/IMG/pdf/Rapport_de_synthese_des_assises_du_medicament-4.pdf}
}

@article{BegaudRAPPORTFRANCE,
    title = {{RAPPORT SUR LA SURVEILLANCE ET LA PROMOTION DU BON USAGE DU MEDICAMENT EN FRANCE}},
    author = {B{\'{e}}gaud, Bernard and Costagliola, Dominique},
    url = {http://solidarites-sante.gouv.fr/IMG/pdf/Rapport_Begaud_Costagliola.pdf}
}

@article{RechercheDinformation,
    title = {{Recherche d'information Mod{\`{e}}les en Recherche d'Information Cours Master Recherche Paris 13 Recherche et extraction d'information}},
    url = {http://www-lipn.univ-paris13.fr/~rozenknop/Cours/MICR_REI/Seance6/modeles-RI-1.pdf}
}

@article{Cochran2015ScreeningMisuse.,
    title = {{Screening Community Pharmacy Patients for Risk of Prescription Opioid Misuse.}},
    year = {2015},
    journal = {Journal of addiction medicine},
    author = {Cochran, Gerald and Rubinstein, Jessica and Bacci, Jennifer L and Ylioja, Thomas and Tarter, Ralph},
    number = {5},
    pages = {411--6},
    volume = {9},
    publisher = {NIH Public Access},
    url = {http://www.ncbi.nlm.nih.gov/pubmed/26291546 http://www.pubmedcentral.nih.gov/articlerender.fcgi?artid=PMC4725054},
    doi = {10.1097/ADM.0000000000000148},
    issn = {1935-3227},
    pmid = {26291546}
}

@article{LhommeSelectionLexico-semantiques,
    title = {{S{\'{e}}lection de termes dans un dictionnaire d'informatique : Comparaison de corpus et crit{\`{e}}res lexico-s{\'{e}}mantiques}},
    author = {L 'homme, Marie-Claude},
    url = {http://olst.ling.umontreal.ca/pdf/euralex2004-lhomme.pdf}
}

@article{Dasgupta2009SignalSubstances,
    title = {{Signal detection in post-marketing surveillance for controlled substances}},
    year = {2009},
    journal = {Drug and Alcohol Dependence},
    author = {Dasgupta, Nabarun and Schnoll, Sidney H.},
    month = {12},
    pages = {S33-S41},
    volume = {105},
    publisher = {Elsevier},
    url = {https://www-sciencedirect-com.docelec.u-bordeaux.fr/science/article/pii/S0376871609001781},
    doi = {10.1016/J.DRUGALCDEP.2009.05.019},
    issn = {0376-8716}
}

@article{Jouanjus2015SignalSystem,
    title = {{Signal Identification in Addictovigilance: the Functioning of the French System}},
    year = {2015},
    journal = {Th{\'{e}}rapie},
    author = {Jouanjus, Emilie and Gibaja, Valérie and Kahn, Jean-Pierre and Haramburu, Françoise and Daveluy, Amélie},
    number = {2},
    month = {3},
    pages = {123--131},
    volume = {70},
    publisher = {Elsevier},
    url = {https://www-sciencedirect-com.docelec.u-bordeaux.fr/science/article/pii/S0040595716310563},
    doi = {10.2515/THERAPIE/2015011},
    issn = {0040-5957}
}

@article{ManningSimilariteCours,
    title = {{Similarit{\'{e}} entre les mots R{\'{e}}f{\'{e}}rences de base du cours}},
    author = {Manning, Christopher D and Sch{\"{u}}tze, Hinrich and Mitkov, Ruslan},
    url = {http://igm.univ-mlv.fr/ens/Master/M2/2007-2008/TAL/cours/mstal-1-3-m2.pdf}
}

@misc{SimMetricsHome,
    title = {{SimMetrics / Wiki / Home}},
    url = {https://sourceforge.net/p/simmetrics/wiki/Home/}
}

@misc{SimpleWikipedia,
    title = {{Simple matching coefficient - Wikipedia}},
    url = {https://en.wikipedia.org/wiki/Simple_matching_coefficient}
}

@book{IliopoulosStringProceedings,
    title = {{String processing and information retrieval : 22nd International Symposium, SPIRE 2015, London, UK, September 1-4, 2015, Proceedings}},
    author = {Iliopoulos, C. S. (Costas S.) and Puglisi, Simon and Yilmaz, Emine (Computer engineer)},
    pages = {376},
    isbn = {9783319238258}
}

@misc{StringSearchJava,
    title = {{StringSearch – high-performance pattern matching algorithms in Java}},
    url = {http://johannburkard.de/software/stringsearch/}
}

@article{McCabe2009SubtypesMisuse,
    title = {{Subtypes of nonmedical prescription drug misuse}},
    year = {2009},
    journal = {Drug and Alcohol Dependence},
    author = {McCabe, Sean Esteban and Boyd, Carol J. and Teter, Christian J.},
    number = {1-3},
    month = {6},
    pages = {63--70},
    volume = {102},
    publisher = {Elsevier},
    url = {https://www.sciencedirect.com/science/article/pii/S0376871609000301?_rdoc=1&_fmt=high&_origin=gateway&_docanchor=&md5=b8429449ccfc9c30159a5f9aeaa92ffb},
    doi = {10.1016/J.DRUGALCDEP.2009.01.007},
    issn = {0376-8716}
}

@article{Lan2007SupervisedCategorization,
    title = {{Supervised and Traditional Term Weighting Methods for Automatic Text Categorization}},
    year = {2007},
    journal = {JOURNAL OF IEEE PAMI},
    author = {Lan, Man and Su, Jian},
    number = {10},
    volume = {10},
    url = {https://pdfs.semanticscholar.org/38e3/20a5874eead044ccff88cc88daf2bfdc63f9.pdf},
    keywords = {Index Terms text categorization, SVM, kNN, term weighting, text representation}
}

@article{ManLanChewLimTanSeniorMemberIEEEJianSuandYueLuMember2007SupervisedCategorization,
    title = {{Supervised and Traditional Term Weighting Methods for Automatic Text Categorization}},
    year = {2007},
    journal = {JOURNAL OF IEEE PAMI},
    author = {Man Lan, Chew Lim Tan, Senior Member, IEEE, Jian Su, and Yue Lu, Member, IEEE},
    number = {10},
    volume = {10},
    url = {http://citeseerx.ist.psu.edu/viewdoc/download?doi=10.1.1.151.3665&rep=rep1&type=pdf},
    keywords = {Index Terms text categorization, SVM, kNN, term weighting, text representation}
}

@incollection{Debole2004SupervisedCategorization,
    title = {{Supervised Term Weighting for Automated Text Categorization}},
    year = {2004},
    author = {Debole, Franca and Sebastiani, Fabrizio},
    pages = {81--97},
    publisher = {Springer, Berlin, Heidelberg},
    url = {http://link.springer.com/10.1007/978-3-540-45219-5_7},
    doi = {10.1007/978-3-540-45219-5{\_}7}
}

@article{Faisandier2015SurveillancePertinentes,
    title = {{Surveillance et d{\'{e}}tection des {\'{e}}v{\'{e}}nements inhabituels en toxicovigilance : revue des m{\'{e}}thodes pertinentes}},
    year = {2015},
    journal = {Revue d'{\'{E}}pid{\'{e}}miologie et de Sant{\'{e}} Publique},
    author = {Faisandier, L. and Fouillet, A. and Bicout, D.J. and Golliot, F. and Ahmed, I. and Bringay, S. and Eilstein, D.},
    number = {2},
    month = {4},
    pages = {119--131},
    volume = {63},
    publisher = {Elsevier Masson},
    url = {https://www-sciencedirect-com.docelec.u-bordeaux.fr/science/article/pii/S0398762015001303},
    doi = {10.1016/J.RESPE.2015.01.072},
    issn = {0398-7620}
}

@article{IwayamaTextFrequency,
    title = {{Text categorization based on weighted inverse document frequency}},
    author = {Iwayama, Takenobu},
    url = {http://citeseerx.ist.psu.edu/viewdoc/download?doi=10.1.1.49.7015&rep=rep1&type=pdf},
    issn = {0918-2802}
}

@article{Harpaz2014TextArt,
    title = {{Text Mining for Adverse Drug Events: the Promise, Challenges, and State of the Art}},
    year = {2014},
    journal = {Drug Safety},
    author = {Harpaz, Rave and Callahan, Alison and Tamang, Suzanne and Low, Yen and Odgers, David and Finlayson, Sam and Jung, Kenneth and LePendu, Paea and Shah, Nigam H.},
    number = {10},
    volume = {37},
    isbn = {0114-5916},
    doi = {10.1007/s40264-014-0218-z},
    issn = {11791942},
    pmid = {25151493},
    arxivId = {NIHMS150003}
}

@article{Raschi2016TheProject,
    title = {{The Contribution of National Spontaneous Reporting Systems to Detect Signals of Torsadogenicity: Issues Emerging from the ARITMO Project}},
    year = {2016},
    journal = {Drug Safety},
    author = {Raschi, Emanuel and Poluzzi, Elisabetta and Salvo, Francesco and Koci, Ariola and Suling, Marc and Antoniazzi, Stefania and Perina, Luisella and Hazell, Lorna and Moretti, Ugo and Sturkenboom, Miriam and Garbe, Edeltraut and Pariente, Antoine and De Ponti, Fabrizio},
    number = {1},
    month = {1},
    pages = {59--68},
    volume = {39},
    publisher = {Springer International Publishing},
    url = {http://link.springer.com/10.1007/s40264-015-0353-1},
    doi = {10.1007/s40264-015-0353-1},
    issn = {0114-5916}
}

@article{DentlerTheFormalisation,
    title = {{The Reproducibility of CLIF, a Method for Clinical Quality Indicator Formalisation}},
    author = {Dentler, Kathrin and Cornet, Ronald and Teije, Annette Ten and Tytgat, Kristien and Jl, Jean Klinkenb and De Keizer, Nicolette},
    url = {https://pdfs.semanticscholar.org/cd6b/c6c21547373ccb348b107a9629b4e5b13fb2.pdf},
    doi = {10.3233/978-1-61499-101-4-113},
    keywords = {Clinical Quality Indicators, Formalisation, Knowledge Representation, SNOMED CT}
}

@article{Kuhn2016TheEffects,
    title = {{The SIDER database of drugs and side effects}},
    year = {2016},
    journal = {Nucleic Acids Research},
    author = {Kuhn, Michael and Letunic, Ivica and Jensen, Lars Juhl and Bork, Peer},
    number = {D1},
    month = {1},
    pages = {D1075-D1079},
    volume = {44},
    publisher = {Oxford University Press},
    url = {https://academic.oup.com/nar/article/44/D1/D1075/2502602},
    doi = {10.1093/nar/gkv1075},
    issn = {0305-1048},
    keywords = {adverse effects of medication, datasets, drug development, false-positive results, natural language processing, phenotype}
}

@article{Zhao2015TranslationChina.,
    title = {{Translation and validation of the Chinese version of the Current Opioid Misuse Measure (COMM) for patients with chronic pain in Mainland China.}},
    year = {2015},
    journal = {Health and quality of life outcomes},
    author = {Zhao, Yang and Li, Yuli and Zhang, Xuekun and Lou, Fenglan},
    month = {9},
    pages = {147},
    volume = {13},
    publisher = {BioMed Central},
    url = {http://www.ncbi.nlm.nih.gov/pubmed/26374505 http://www.pubmedcentral.nih.gov/articlerender.fcgi?artid=PMC4572659},
    doi = {10.1186/s12955-015-0329-y},
    issn = {1477-7525},
    pmid = {26374505}
}

@article{Pacurariu2015UsefulDetection,
    title = {{Useful Interplay Between Spontaneous ADR Reports and Electronic Healthcare Records in Signal Detection}},
    year = {2015},
    journal = {Drug Safety},
    author = {Pacurariu, Alexandra C. and Straus, Sabine M. and Trifir{\`{o}}, Gianluca and Schuemie, Martijn J. and Gini, Rosa and Herings, Ron and Mazzaglia, Giampiero and Picelli, Gino and Scotti, Lorenza and Pedersen, Lars and Arlett, Peter and van der Lei, Johan and Sturkenboom, Miriam C. and Coloma, Preciosa M.},
    number = {12},
    month = {12},
    pages = {1201--1210},
    volume = {38},
    publisher = {Springer International Publishing},
    url = {http://link.springer.com/10.1007/s40264-015-0341-5},
    doi = {10.1007/s40264-015-0341-5},
    issn = {0114-5916}
}

@article{Anderson2017UsingAnalysis.,
    title = {{Using Social Listening Data to Monitor Misuse and Nonmedical Use of Bupropion: A Content Analysis.}},
    year = {2017},
    journal = {JMIR public health and surveillance},
    author = {Anderson, Laurie S and Bell, Heidi G and Gilbert, Michael and Davidson, Julie E and Winter, Christina and Barratt, Monica J and Win, Beta and Painter, Jeffery L and Menone, Christopher and Sayegh, Jonathan and Dasgupta, Nabarun},
    number = {1},
    pages = {e6},
    volume = {3},
    publisher = {JMIR Publications Inc.},
    url = {http://www.ncbi.nlm.nih.gov/pubmed/28148472 http://www.pubmedcentral.nih.gov/articlerender.fcgi?artid=PMC5311422},
    doi = {10.2196/publichealth.6174},
    issn = {2369-2960},
    pmid = {28148472},
    keywords = {Internet, amitriptyline, bupropion, community-based participatory research, harm reduction, pharmacovigilance, prescription drug misuse, social media, substance-related disorders, venlafaxine hydrochloride}
}

@article{Bousquet2014VeilleSociaux,
    title = {{Veille sanitaire sur internet et sur les r{\'{e}}seaux sociaux–recherche et analyse des effets ind{\'{e}}sirables m{\'{e}}dicamenteux rapport{\'{e}}s par les patients dans les r{\'{e}}seaux sociaux}},
    year = {2014},
    journal = {Toxicologie Analytique et Clinique},
    author = {Bousquet, C.},
    number = {4},
    month = {12},
    pages = {214--215},
    volume = {26},
    publisher = {Elsevier},
    url = {https://www.sciencedirect.com/science/article/pii/S2352007814000870#!},
    doi = {10.1016/J.TOXAC.2014.09.013},
    issn = {2352-0078}
}

@article{Audeh2017Vigi4MedRepresentation.,
    title = {{Vigi4Med Scraper: A Framework for Web Forum Structured Data Extraction and Semantic Representation.}},
    year = {2017},
    journal = {PloS one},
    author = {Audeh, Bissan and Beigbeder, Michel and Zimmermann, Antoine and Jaillon, Philippe and Bousquet, Cédric},
    number = {1},
    pages = {e0169658},
    volume = {12},
    publisher = {Public Library of Science},
    url = {http://www.ncbi.nlm.nih.gov/pubmed/28122056 http://www.pubmedcentral.nih.gov/articlerender.fcgi?artid=PMC5266266},
    doi = {10.1371/journal.pone.0169658},
    issn = {1932-6203},
    pmid = {28122056}
}

@misc{ANSM2017VigilanceSante,
    title = {{Vigilance des produits de tatouage - ANSM : Agence nationale de s{\'{e}}curit{\'{e}} du m{\'{e}}dicament et des produits de sant{\'{e}}}},
    year = {2017},
    author = {{ANSM}},
    url = {http://ansm.sante.fr/Declarer-un-effet-indesirable/Vigilance-des-produits-de-tatouage/Vigilance-des-produits-de-tatouage/(offset)/0#}
}

@article{GreenWELCOMEUpdates,
    title = {{WELCOME @BULLET The Global Mosaic: RADARS System International Program Updates}},
    author = {Green, Jody L},
    url = {https://www.radars.org/system/events/RADARS%20System%202017%20International%20Pre-Symposium_Green.pdf.tmp}
}

@article{SeanP.Barrett122008WhatConceptualizations,
    title = {{What Constitutes Prescription Drug Misuse? Problems and Pitfalls of Current Conceptualizations}},
    year = {2008},
    journal = {Bentham Science Publishers Ltd},
    author = {Sean P. Barrett*,1,2, Jessica R. Meisner1 and and Sherry H. Stewart1, 2},
    url = {https://www.researchgate.net/profile/Sean_Barrett/publication/26693921_What_Constitutes_Prescription_Drug_Misuse_Problems_and_Pitfalls_of_Current_Conceptualizations/links/09e4150a27f5f4b4c9000000/What-Constitutes-Prescription-Drug-Misuse-Problems-and-Pitf},
    doi = {1874-4737/08 {\$}55.00+.00},
    pmid = {19630724}
}